@article{SOBOL2001271,
title = "Global sensitivity indices for nonlinear mathematical models and their Monte Carlo estimates",
journal = "Mathematics and Computers in Simulation",
volume = "55",
number = "1",
pages = "271 - 280",
year = "2001",
note = "The Second IMACS Seminar on Monte Carlo Methods",
issn = "0378-4754",
doi = "https://doi.org/10.1016/S0378-4754(00)00270-6",
url = "http://www.sciencedirect.com/science/article/pii/S0378475400002706",
author = "I.M Sobolâ€²",
keywords = "Sensitivity analysis, Monte Carlo method, Quasi-Monte Carlo method, Mathematical modelling",
abstract = "Global sensitivity indices for rather complex mathematical models can be efficiently computed by Monte Carlo (or quasi-Monte Carlo) methods. These indices are used for estimating the influence of individual variables or groups of variables on the model output."
}