@article{article4,
author = {Belhocine, Ali},
year = {2016},
month = {08},
pages = {},
title = {FE prediction of thermal performance and stresses in an automotive disc brake system},
journal = {The International Journal of Advanced Manufacturing Technology},
doi = {10.1007/s00170-016-9357-y}
}