@article{article1,
author = {Belhocine, Ali and abu bakar, abd rahim and Abdullah, Oday},
year = {2015},
month = {06},
pages = {403-410},
title = {Structural and Contact Analysis of Disc Brake Assembly During Single Stop Braking Event},
volume = {68},
journal = {Transactions of the Indian Institute of Metals},
doi = {10.1007/s12666-014-0468-6}
}