@article{article2,
author = {Belhocine, Ali and Ghazaly, Nouby},
year = {2015},
month = {06},
pages = {1432-1447},
title = {Effects of material properties on generation of brake squeal noise using finite element method},
volume = {12},
journal = {Latin American Journal of Solids and Structures},
doi = {10.1590/1679-78251520}
}