@article{article5,
author = {Belhocine, Ali and Wan Omar, Wan Zaidi},
year = {2016},
month = {05},
pages = {},
title = {Three-dimensional finite element modeling and analysis of the mechanical behavior of dry contact slipping between the disc and the brake pads},
volume = {88},
journal = {The International Journal of Advanced Manufacturing Technology},
doi = {10.1007/s00170-016-8822-y}
}