@article{Ouyangg,
author = {Ouyang, Huajiang and Nack, Wayne and Yuan, Yongbin and Chen, Frank},
year = {2005},
month = {01},
pages = {207-230},
title = {Numerical analysis of automotive disc brake squeal: A review},
volume = {1},
journal = {International Journal of Vehicle Noise and Vibration},
doi = {10.1504/IJVNV.2005.007524}
}