@article{article3,
author = {Razmi Ishak, Mohd and abu bakar, abd rahim and Belhocine, Ali and Mohd Taib, Jamaludin and Wan Omar, Wan Zaidi},
year = {2016},
month = {08},
pages = {},
title = {Brake torque analysis of fully mechanical parking brake system: Theoretical and experimental approach},
volume = {94},
journal = {Measurement},
doi = {10.1016/j.measurement.2016.08.026}
}