@article{Monod,
author = {Monod, Herv√© and Naud, C and Makowski, David},
year = {2006},
month = {01},
pages = {55-100},
title = {Uncertainty and sensitivity analysis for crop models},
journal = {Working with Dynamic Crop Models}
}