@article{Ibrahim,
	title = {Friction-induced vibration, chatter, squeal and chaos Part 1: mechanics of contact and friction},
	volume = {47},
	journal = {Applied Mechanics Review},
	author = {Ibrahim, {R.A.}},
	doi = {https://doi.org/10.1115/1.3111079},
	year = {1994},
	pages = {209--226}
}

@article{Ibrahim2,
	title = {Friction-induced vibration, chatter, squeal and chaos part 2: Dynamics and modelling},
	volume = {47},
	journal = {Applied Mechanics Review},
	author = {Ibrahim, {R.A.}},
	doi = {https://doi.org/10.1115/1.3111080},
	year = {1994},
	pages = {227--253}
}

@article{Kindkaid,
	title = {Automative disc brake squeal},
	volume = {267},
	journal = {Journal of Sound and Vibration},
	author = {Kindkaid, {N.M.} and  O'Reilly,  {O.M.} and Papadopoulos,{ P}.},
	year = {2003},
    doi = "https://doi.org/10.1016/S0022-460X(02)01573-0",
	pages = {105-166}
}

@article{Ouyang,
	title = {Numerical analysis of automative disc brake squeal: a review},
	volume = {1},
	journal = {International Journal of Vehicle Noise and Vibration},
	author = {Ouyang, {H.} and Nack, {W.} and Yuan, {Y.} and Chen, {F.}},
	year = {2005},
	doi = {https://doi.org/10.1504/IJVNV.2005.007524},
	pages = {207-231}
}
@article{Soobbarayen_AA,
  author = 	 { Soobbarayen, {K.} and Besset, {S.} and Sinou, {J.-J.}},
  title = 	 {Noise and vibration for a self-excited mechanical system with friction},
  journal = 	 {Applied Acoustics},
  year = 	 2013,
  volume = 	 {74},
  doi = "https://doi.org/10.1016/j.apacoust.2013.03.008",
  pages = 	 {1191-1204},
}

@article{Soobbarayen_JSV,
  author = 	 { Soobbarayen, {K.} and Sinou, {J.-J.} and  Besset, {S.}},
  title = 	 {Numerical study of friction-induced instability and acoustic radiation - Effect of ramp loading on the squeal propensity for a 
simplified brake model},
  journal = 	 {Journal of Sound and Vibration},
  year = 	 2014,
  volume = 	 {333},
  doi = "https://doi.org/10.1016/j.jsv.2014.05.037",
  pages = 	 {5475-5493},
}
@article{Denimal,
    author= {Denimal, {E.} and Nechak, {L.} and Sinou, {J.-J.} and Nacivet, {S}},
    title = {A novel hybrid surrogate model and its application on a mechanical system subjected to friction-induced vibration},
    journal = {Journal of Sound and Vibration},
    year = 2018,
    volume = 434,
    doi = {https://doi.org/10.1016/j.jsv.2017.08.005},
    pages = {456-474},}
    
@article{Nechak,
author ={Nechak, {L.} and Besset, {S.} and Sinou, {J.-J.}},
title = {Robustness of stochastic expansions for the stability of uncertain nonlinear dynamical systems – Application to brake squeal},
journal = {Mechanical Systems and Signal Processing},
volume = 111,
doi = {https://doi.org/10.1016/j.ymssp.2018.01.021},
pages = {194–209},
year = 2018,}