@article{NECHAK2015136,
title = "Sensitivity analysis and Kriging based models for robust stability analysis of brake systems",
journal = "Mechanics Research Communications",
volume = "69",
pages = "136 - 145",
year = "2015",
issn = "0093-6413",
doi = "https://doi.org/10.1016/j.mechrescom.2015.08.001",
url = "http://www.sciencedirect.com/science/article/pii/S0093641315001329",
author = "L. Nechak and F. Gillot and S. Besset and J.-J. Sinou"
}

@Article{dib,
  author = 	 {J.-J. Sinou and D. Lenoir and S. Besset and F. Gillot},
  title = 	 {Dataset of vibrational and acoustic measurements for squeal analysis from the laboratory brake setup Friction-Induced Vibration and noisE at Ecole Centrale de Lyon (FIVE@ECL)},
  journal = 	 {Data in Brief},
  year = 	 2018}

@Article{publi5atECL1,
  author = 	 {J.-J. Sinou and D. Lenoir and S. Besset and F. Gillot},
  title = 	 {Squeal analysis based on the laboratory brake setup Friction-Induced Vibration and noisE at Ecole Centrale de Lyon (FIVE@ECL)},
  journal = 	 {Mechanical Systems and Signal Processing},
  year = 	 2019}

@article{Kato_TI2014,
title = "Effect of yaw angle misalignment on brake noise and brake time in a pad-on-disc-type apparatus with unidirectional compliance for pad support",
journal = "Tribology International",
volume = "78",
pages = "41-46",
year = "2014",
author = "N. Kado and N.Sato and C.Tadokoro and A.Skarolek and K. Nakano",
}

@article{Kchaou_TI2017,
title = "Experimental studies of friction-induced brake squeal: Influence of environmental sand particles in the interface brake pad-disc",
journal = "Tribology International",
volume = "110",
pages = "307-317",
year = "2017",
author = "M. Kchaou and A.R. Mat Lazim and M.K. Abdul Hamid and A.R. Abu Bakar",
keywords = "Disc brake, Squeal, Environment sand particles, Wear scar, Friction coefficient, Dynamical behavior"
}

@article{poletto_AA2017,
title = "An experimental analysis of the methods for brake squeal quantification",
journal = "Applied Acoustics",
volume = "122",
pages = "107-112",
year = "2017",
author = "J.C. Poletto and P.D. Neis and N.F. Ferreira and D. Masotti and L.T. Matozo",
}

@article{Majcherczak_TI2007,
title = "Tribological, thermal and mechanical coupling aspects of the dry sliding contact",
journal = "Tribology International",
volume = "40",
number = "5",
pages = "834-843",
year = "2007",
author = "D. Majcherczak and P. Dufrenoy and Y. Berthier",
}

@article{Panier_W2004,
title = "An experimental investigation of hot spots in railway disc brakes",
journal = "Wear",
volume = "256",
number = "7",
pages = "764-773",
year = "2004",
author = "S. Panier and P. Dufrénoy and D. Weichert",
}

@article{Bonnay_IJSS2015,
title = "Influence of geometry imperfections on squeal noise linked to mode lock-in",
journal = "International Journal of Solids and Structures",
volume = "75-76",
pages = "99-108",
year = "2015",
author = "K. Bonnay and V. Magnier and J.F. Brunel and P. Dufrénoy and G. De Saxcé",
}

@article{Abubakar_IJVNV2006,
title = "Complex eigenvalue analysis and dynamic transient analysis in predicting disc brake squeal",
journal = "International Journal Vehicule Noise and Vibration",
volume = "2",
pages = "143-155",
year = "2006",
author = "A.R. Abu Bakar and H. Ouyang",
}


@article{oberst_JSV2011,
title = "Statistical analysis of brake squeal noise",
journal = "Journal of Sound and Vibration",
volume = "330",
number = "12",
pages = "2978-2994",
year = "2011",
author = "S. Oberst and J.C.S. Lai"
}

@article{renault_JSV2016,
title = "Experimental investigations for uncertainty quantification in brake squeal analysis",
journal = "Journal of Sound and Vibration",
volume = "367",
pages = "37-55",
year = "2016",
author = "A. Renault and F. Massa and B. Lallemand and T. Tison",
}

@article{Meziane_AA2010,
title = "Experimental and numerical investigation of friction-induced vibration of a beam-on-beam in contact with friction",
journal = "Applied Acoustics",
volume = "71",
number = "9",
pages = "843-853",
year = "2010",
author = "A. Meziane and L. Baillet and B. Laulagnet",
}

@article{SAEJ2521,
	title = {Surface vehicle recommended practice, disc and drum brake dynamometer squeal noise matrix},
	volume = {},
	journal = {Technical report SAE J2521},
	author = {SAE International J2521},
	year = {2006},
	pages = {}
},

@article{Papinniemi,
	title = {Brake squeal: a literature review},
	volume = {63(4)},
	journal = {Applied Acoustics},
	author = {A. Papinniemi and J.C.S. Lai and  J. Zhao and L. Loader},
	year = {2002},
	pages = {391-400}
},
@article{Kinkaid,
	title = {Automative disc brake squeal},
	volume = {267},
	journal = {Journal of Sound and Vibration},
	author = {Kindkaid, {N.M.} and O'Reilly, {O.M.} and Papadopoulos, P.},
	year = {2003},
	pages = {105-166}
},

@article{Ouyang,
	title = {Numerical analysis of automative disc brake squeal : a review},
	volume = {1},
	journal = {International Journal of Vehicle Noise and Vibration},
	author = {H. Ouyang and W. Nack and Y. Yuan and F. Chen},
	year = {2005},
	pages = {207-231}
},

@article{ibrahim_PT1,
	title = {Friction-induced vibration, chatter, squeal, and chaos part 1: mechanics of contact and friction},
	volume = {47},
	number = {7},
	journal = {Am Soc Mech Eng Appl Mech Rev},
	author = {R.A. Ibrahim},
	year = {1994},
	pages = {209-226},
},

@article{ibrahim_PT2,
	title = {Friction-induced vibration, chatter, squeal, and chaos part 2: dynamics and modeling},
	volume = {47},
	number = {7},
	journal = {Am Soc Mech Eng Appl Mech Rev},
	author = {R.A. Ibrahim},
	year = {1994},
	pages = {227-263},
},


@article{Massi_JASA2006,
	title = {Brake squeal as dynamic instability: an experimental investigation},
	volume = {120},
	number = {3},
	journal = {The Journal of the Acoustical Society of America},
	author = {F. Massi and O. Giannini and L. Baillet},
	year = {2006},
	pages = {1388-1398},
},

@article{akay_MSSP2009,
title = "Disc brake squeal characterization through simplified test rigs",
journal = "Mechanical Systems and Signal Processing",
volume = "23",
number = "8",
pages = "2590 - 2607",
year = "2009",author = "A. Akay and O. Giannini and F. Massi and A. Sestieri",
},

@article{Butlin_JSV2013,
	title = {Friction-induced vibration: model development and comparison with large-scale experimental tests},
	volume = {332},
	number = {21},
	journal = {Journal of Sound and Vibration},
	author = {T. Butlin and J. Woodhouse},
	year = {2013},
	pages = {5302-5321},
},

@article{Butlin_JSV2011,
	title = {A systematic experimental study of squeal initiation},
	volume = {330},
	number = {21},
	journal = {Journal of Sound and Vibration},
	author = {T. Butlin and J. Woodhouse},
	year = {2011},
	pages = {5077-5095},
},


@article{massi_MSSP2007,
title = "Brake squeal: Linear and nonlinear numerical approaches",
journal = "Mechanical Systems and Signal Processing",
volume = "21",
number = "6",
pages = "2374 - 2393",
year = "2007",
author = "F. Massi and L. Baillet and O. Giannini and A. Sestieri",
}

@article{Giannini_JSV2006,
	title = {Predictive model of squeal noise occurring on a laboratory brake},
	volume = {296},
	number = {7},
	journal = {Journal of Sound and Vibration},
	author = {O. Giannini and A. Sestieri},
	year = {2006},
	pages = {583-601},
},

@article{Giannini_JSV2008,
title = "Characterization of the high-frequency squeal on a laboratory brake setup",
journal = "Journal of Sound and Vibration",
volume = "310",
number = "1",
pages = "394 - 408",
year = "2008",
author = "O. Giannini and F. Massi"
}

@article{lorang_JSV2006,
title = "TGV disc brake squeal",
journal = "Journal of Sound and Vibration",
volume = "293",
number = "3",
pages = "735 - 746",
year = "2006",
note = "Proceedings of the Eigth International Workshop on Railway Noise",
author = "X. Lorang and F. Foy-Margiocchi and Q.S. Nguyen and P.E. Gautier"
}

@article{sinou_JSV2013,
title = "A global strategy based on experiments and simulations for squeal prediction on industrial railway brakes",
journal = "Journal of Sound and Vibration",
volume = "332",
number = "20",
pages = "5068 - 5085",
year = "2013",
author = "J.-J. Sinou and A. Loyer and O. Chiello and G. Mogenier and X. Lorang and F. Cocheteux and S. Bellaj"
}
@article{Chevillot_JVA2010,
	title = {Simulations and experiments of a nonlinear aircraft braking system with physical dispersion},
	volume = {132(4)},
	journal = {International Journal of Mechanical Sciences},
	author = {F. Chevillot and J-J. Sinou and N. Hardouin and L. Jézéquel},
	year = {2010},
	pages = {041010, 11 pages},
},



@article{Sinou_IJMS2006,
	title = {Friction Induced Vibration for an Aircraft Brake System. Part I : Experimental approach and Stability Analysis},
	volume = {48},
	journal = {International Journal of Mechanical Sciences},
	author = {J-J. Sinou and O. Dereure and G-B. Mazet and F. Thouverez and L. Jézéquel},
	year = {2006},
	pages = {536-554},
},



---------------------------


@article{Bultin2009,
    title = {Sensitivity of friction-induced vibration in idealised systems},
    volume = {319},
    number = {1-2},
    journal = {Journal of Sound and Vibration},
    author = {{T. Bultin} and {J. Woodhouse}},
    year = {2009},
    pages = {182-198},
},

@article{Bultin2010,
    title = {Friction-induced vibration: quantifying sensitivity and uncertainty},
    volume = {329},
    number = {1-2},
    journal = {Journal of Sound and Vibration},
    author = {{T. Bultin} and {J. Woodhouse}},
    year = {2010},
    pages = {509-526},
},

@article{abubakar,
author = {{A.R. AbuBakar} and {H. Ouyang}},
year = {2008},
title = {A prediction methodology of disk brake squeal using complex eigenvalue analysis},
journal = {International Journal of Vehicle Design},
volume = {46(4)},
pages = {416-435}
},



@article{NobariMSSP2015,
	title = {Uncertainty quantification of squeal instability via surrogate modelling},
	journal = {Mechanical Systems and Signal Processing},
	volume = {60-61},
	author = {{A. Nobari} and {H. Ouyang} and {P. Bannister}},
	year = {2015},
	pages = {887-908}
},

	@article{NobariJSV2015,
	title = {Statistics of complex eigenvalues in friction-induced vibration},
	volume = {338},
	journal = {Journal of Sound and Vibration},
	author = {{A. Nobari} and {H. Ouyang} and {P. Bannister}},
	year = {2015},
	pages = {169-183}
},

@article{Oberststatistic,
author = {{S. Oberst} and {J.C.S. Lai}},
year = {2011},
title = {Statistical analysis of brake squeal noise},
journal = {Journal of Sound and Vibration},
volume = {330(12)},
pages = {2978-2994},
},

@article{AkayMSSP2009,
author = {{A. Akay} and {O. Giannini} and {F. Massi} and {A. Sestieri}},
year = {2009},
title = {Disc brake squeal characterization through simplified test rigs},
journal = {Mechanical Systems and Signal Processing},
volume = {23(8)},
pages = {2590-2607},
},


@article{AbuBakar2006,
author = {{A.R. AbuBakar} and {H. Ouyang}},
year = {2006},
title = {Complex eigenvalue analysis and dynamic transient analysis in predicting disc brake squeal},
journal = {International Journal of Vehicle Noise and Vibration},
volume = {2},
pages = {143-155},
},

@article{AbuBakar2008,
author = {{A.R. AbuBakar} and {H. Ouyang}},
year = {2008},
title = {A prediction methodology of disk brake squeal using complex eigenvalue analysis},
journal = {International Journal of Vehicle Design},
volume = {46(4)},
pages = {416-435},
},

@article{Massiwear2008,
author = {{F. Massi} and {Y. Berthier} and {L. Baillet}},
year = {2008},
title = {Contact surface topography and system dynamics of brake squeal},
journal = {Wear},
volume = {265(11-12)},
pages = {1784-1792},
},

@article{Tison_2014,
	title = {Improuvement in the predictivity of squeal simulations: Uncertainty and robustness},
	volume = {333},
	number = {1-3},
	journal = {Journal of Sound and Vibration},
	author = {I. Tison and A. Heussaff F. Massa and I. Turpin and R. F. Nunes},
	year = {2014},
	pages = {3394-3412},
},

@Article{Oberst2011,
  author = 	 {{S. Oberst} and {J.C.S. Lai}},
  title = 	 {Statistical analysis of brake squeal noise},
  journal = 	 {Journal of Sound and Vibration},
  year = 	 2011,
  volume = 	 {330},
  pages = 	 {2978-2994}
	},
	
	